<record><leader>00000cas a22000007a 4500</leader><controlfield tag="001">22399121</controlfield><controlfield tag="008">900918d18821uuumouuu ne      0    0eng d</controlfield><datafield ind1=" " ind2=" " tag="010"><subfield code="a">sn 90051651 </subfield></datafield><datafield ind1=" " ind2=" " tag="040"><subfield code="a">CNQ</subfield><subfield code="b">eng</subfield><subfield code="c">CNQ</subfield><subfield code="d">OCLCQ</subfield></datafield><datafield ind1=" " ind2=" " tag="042"><subfield code="a">msc</subfield></datafield><datafield ind1="0" ind2="0" tag="245"><subfield code="a">Excelsior Springs herald.</subfield></datafield><datafield ind1=" " ind2=" " tag="260"><subfield code="a">Excelsior Springs, Clay County, Mo. :</subfield><subfield code="b">McCray &amp; Shaff</subfield></datafield><datafield ind1=" " ind2=" " tag="300"><subfield code="a">v.</subfield></datafield><datafield ind1="1" ind2=" " tag="362"><subfield code="a">Began in 1882.</subfield></datafield><datafield ind1=" " ind2=" " tag="588"><subfield code="a">Description based on: Vol. 2, no. 17 (July 12, 1883).</subfield></datafield><datafield ind1=" " ind2=" " tag="752"><subfield code="a">United States</subfield><subfield code="b">Missouri</subfield><subfield code="c">Clay</subfield><subfield code="d">Excelsior Springs.</subfield></datafield></record>